@online{nist-digital-signature-standard
  author={NIST},
  title={Digital Signature Standard (DSS)},
  url={https://nvlpubs.nist.gov/nistpubs/FIPS/NIST.FIPS.186-4.pdf},
  keyword={NIST,cryptography},
  year={2013},
  note={Accessed 01/05/2020}
}

@online{img-elliptic-curve,
    author = {https://fangpenlin.com},
    date = {01/03/2020},
    url = {https://fangpenlin.com/images/2019-10-07-elliptic-curve-cryptography-explained/elliptic-curve.png},
    title = {Example elliptic curve},
}